
@misc{led-elektrische-eigenschaften,
    title = {Leuchtdiode - Elektrische Eigenschaften},
    author = "{Wikipedia}",
    publisher = "{Wikipedia}",
    howpublished = {\url{https://de.wikipedia.org/wiki/Leuchtdiode#Elektrische_Eigenschaften}},
    accessed = {2020-10-08}
}
